<?xml version="1.0" encoding="UTF-8"?>
<OAI-PMH xmlns="http://www.openarchives.org/OAI/2.0/" xmlns:xsi="http://www.w3.org/2001/XMLSchema-instance" xsi:schemaLocation="http://www.openarchives.org/OAI/2.0/ http://www.openarchives.org/OAI/2.0/OAI-PMH.xsd">
  <ListRecords>
    <record>
      <header>
        <identifier>aleph-publish:001839082</identifier>
      </header>
      <metadata>
        <record xmlns="http://www.ddb.de/professionell/mabxml/mabxml-1.xsd">
          <leader>00000nM2.01200024------h</leader>
          <controlfield tag="LDR">00000nM2.01200024------h</controlfield>
          <controlfield tag="FMT">MH</controlfield>
          <datafield tag="001" ind1="-" ind2="1">
            <subfield code="a">HT018854267</subfield>
          </datafield>
          <datafield tag="002" ind1="a" ind2="1">
            <subfield code="a">20160112</subfield>
          </datafield>
          <datafield tag="003" ind1="-" ind2="1">
            <subfield code="a">20160114</subfield>
          </datafield>
          <datafield tag="026" ind1="-" ind2="1">
            <subfield code="a">HBZHT018854267</subfield>
          </datafield>
          <controlfield tag="030">a|1ur||||||17</controlfield>
          <datafield tag="036" ind1="a" ind2="1">
            <subfield code="a">DE</subfield>
          </datafield>
          <datafield tag="037" ind1="b" ind2="1">
            <subfield code="a">ger</subfield>
            <subfield code="a">eng</subfield>
          </datafield>
          <controlfield tag="050">a|||||||||||||</controlfield>
          <controlfield tag="051">my||||||</controlfield>
          <datafield tag="060" ind1="-" ind2="1">
            <subfield code="b">txt</subfield>
            <subfield code="a">Text</subfield>
          </datafield>
          <datafield tag="061" ind1="-" ind2="1">
            <subfield code="b">n</subfield>
            <subfield code="a">ohne Hilfsmittel zu benutzen</subfield>
          </datafield>
          <datafield tag="062" ind1="-" ind2="1">
            <subfield code="b">nc</subfield>
          </datafield>
          <datafield tag="064" ind1="a" ind2="1">
            <subfield code="a">Hochschulschrift</subfield>
            <subfield code="9">(DE-588)4113937-9</subfield>
          </datafield>
          <datafield tag="070" ind1="-" ind2="1">
            <subfield code="a">466</subfield>
          </datafield>
          <datafield tag="070" ind1="b" ind2="1">
            <subfield code="a">466</subfield>
          </datafield>
          <datafield tag="080" ind1="-" ind2="1">
            <subfield code="a">60</subfield>
          </datafield>
          <datafield tag="100" ind1="-" ind2="1">
            <subfield code="a">Rübbelke, René</subfield>
          </datafield>
          <datafield tag="104" ind1="b" ind2="1">
            <subfield code="p">Gausemeier, Jürgen</subfield>
            <subfield code="d">1948-</subfield>
            <subfield code="9">(DE-588)124586112</subfield>
            <subfield code="4">dgs</subfield>
            <subfield code="3">Akademischer Betreuer</subfield>
          </datafield>
          <datafield tag="108" ind1="b" ind2="1">
            <subfield code="p">Zimmer, Detmar</subfield>
            <subfield code="9">(DE-588)112111270</subfield>
            <subfield code="4">dgs</subfield>
            <subfield code="3">Akademischer Betreuer</subfield>
          </datafield>
          <datafield tag="331" ind1="-" ind2="1">
            <subfield code="a">Systematik zur innovationsorientierten Kompetenzplanung</subfield>
          </datafield>
          <datafield tag="341" ind1="-" ind2="1">
            <subfield code="a">Approach for the innovation-oriented competence planning</subfield>
          </datafield>
          <datafield tag="359" ind1="-" ind2="1">
            <subfield code="a">von M.Sc. René Rübbelke aus Bielefeld ; Referent: Prof. Dr.-Ing. Jürgen Gausemeier, Korreferent: Prof. Dr.-Ing. Detmar Zimmer</subfield>
          </datafield>
          <datafield tag="419" ind1="-" ind2="1">
            <subfield code="a">Paderborn</subfield>
            <subfield code="c">[2016]</subfield>
          </datafield>
          <datafield tag="425" ind1="a" ind2="1">
            <subfield code="a">2016</subfield>
          </datafield>
          <datafield tag="433" ind1="-" ind2="1">
            <subfield code="a">144 Seiten</subfield>
          </datafield>
          <datafield tag="434" ind1="-" ind2="1">
            <subfield code="a">Illustrationen</subfield>
          </datafield>
          <datafield tag="501" ind1="-" ind2="1">
            <subfield code="a">Tag der Verteidigung: 17.12.2015</subfield>
          </datafield>
          <datafield tag="520" ind1="-" ind2="1">
            <subfield code="b">Dissertation</subfield>
            <subfield code="c">Fakultät für Maschinenbau der Universität Paderborn</subfield>
            <subfield code="d">2015</subfield>
          </datafield>
          <datafield tag="527" ind1="z" ind2="1">
            <subfield code="p">Erscheint auch als</subfield>
            <subfield code="n">Online-Ausgabe</subfield>
            <subfield code="a">Systematik zur innovationsorientierten Kompetenzplanung / René Rübbelke</subfield>
            <subfield code="9">CT004001436</subfield>
          </datafield>
          <datafield tag="673" ind1="c" ind2="1">
            <subfield code="a">Paderborn</subfield>
            <subfield code="9">(DE-588)4044283-4</subfield>
          </datafield>
          <datafield tag="700" ind1="b" ind2="1">
            <subfield code="a">620</subfield>
          </datafield>
          <datafield tag="750" ind1="i" ind2="1">
            <subfield code="a">Der deutsche Maschinenbau und besonders die Automobilindustrie sind einer nie dagewesenen Dynamik im technischen, politischen und gesellschaftlichen Umfeld ausgesetzt. Insbesondere Entwicklungen wie das Internet der Dinge führen zu einem massiven technologischen Wandel. Eine steigende Produktkomplexität und höherer Entwicklungsaufwand bei gleichzeitig kürzeren Produktlebenszyklen sind die Konsequenz. Das kontinuierliche Verbessern und Ausbauen bestehender Kompetenzen ist längst nicht mehr ausreichend für eine wettbewerbsfähige Marktposition. Auch die immer neue Ausrichtung auf kurzfristig erfolgversprechende Marktleistungen führt nicht zu nachhaltigem Erfolg. Unternehmen müssen in der Lage sein, die Kompetenzen zur Realisierung zukünftiger Innovationen frühzeitig zu erkennen und rechtzeitig aufzubauen.Ziel der vorliegenden Arbeit ist eine Systematik zur innovationsorientierten Kompetenzplanung. Diese liefert Maßnahmen zum strategiekonformen Kompetenzaufbau. Im ersten Schritt erfolgt eine Analyse der strategischen Ziele sowie bestehender Technologien und Kompetenzen. Im Weiteren werden fehlende Kompetenzen für ein konkretes Produktkonzept ermittelt. Ferner erfolgt eine Bewertung, die zu Handlungsempfehlungen für den internen, externen bzw. kooperativen Aufbau einer Kompetenz führt. Abschließend wird beschrieben, wie der Kompetenzaufbau konkret vorzunehmen ist. Die Anwendung der Systematik wird durch ein Wissensmanagementsystem unterstützt. Die Validierung in einem Unternehmen der Automobilindustrie veranschaulicht die Praxistauglichkeit.</subfield>
          </datafield>
          <datafield tag="752" ind1="-" ind2="1">
            <subfield code="a">ger</subfield>
          </datafield>
          <datafield tag="753" ind1="i" ind2="1">
            <subfield code="a">German companies in the mechanical engineering industry and especially in the automotive industry are facing strong dynamics in the technical, political and social environment. Developments like the Internet of Things lead to a massive technological change. In consequence, product complexity and development effort are rising and at the same time product lifecycles shorten. The continuous improvement of existing skills is no longer sufficient for a competitive market position. Also, sustainable success cannot be achieved by frequent short-term refocusing on promising markets. Companies must be able to plan ahead the competence needs of their future products and to initiate the competence development early.The aim of this thesis is an approach for innovation-oriented competence planning. The approach provides measures for the strategic competence development. First, an analysis of the companys strategy, present technologies and applied competencies is conducted. Then, the competence demand of a product concept is determined. The following evaluation of missing competencies leads to recommendations for their sourcing. Finally, concrete advice for the development of competencies is provided. The approach is supported by a knowledge management system. The validation in the automotive industry verifies its practicability.</subfield>
          </datafield>
          <datafield tag="755" ind1="-" ind2="1">
            <subfield code="a">eng</subfield>
          </datafield>
          <controlfield tag="SYS">001839082</controlfield>
          <datafield tag="PPE" ind1="-" ind2="1">
            <subfield code="p">Gausemeier, J.</subfield>
            <subfield code="d">1948-</subfield>
            <subfield code="9">(DE-588)124586112</subfield>
          </datafield>
          <datafield tag="PPE" ind1="-" ind2="1">
            <subfield code="p">Gausemeier, J.</subfield>
            <subfield code="d">1948-</subfield>
            <subfield code="9">(DE-588)124586112</subfield>
          </datafield>
          <datafield tag="PPE" ind1="-" ind2="1">
            <subfield code="p">Gausemeier, J.</subfield>
            <subfield code="d">1948-</subfield>
            <subfield code="9">(DE-588)124586112</subfield>
          </datafield>
          <datafield tag="PPE" ind1="-" ind2="1">
            <subfield code="p">Gausemeier, J.</subfield>
            <subfield code="d">1948-</subfield>
            <subfield code="9">(DE-588)124586112</subfield>
          </datafield>
          <datafield tag="OWN" ind1=" " ind2=" ">
            <subfield code="a">P0001</subfield>
            <subfield code="n">466 - Paderborn: UB</subfield>
          </datafield>
          <datafield tag="PLK" ind1=" " ind2=" ">
            <subfield code="a">PAR</subfield>
            <subfield code="l">PAD01</subfield>
            <subfield code="b">001839081</subfield>
            <subfield code="m">Auch unter dem Titel:^Rübbelke, René:^Systematik zur innovationsorientierten Kompetenzplanung.^2016</subfield>
            <subfield code="n">Auch unter dem Titel:^Rübbelke, René:^Systematik zur innovationsorientierten Kompetenzplanung.^2016</subfield>
          </datafield>
          <datafield tag="LOC" ind1=" " ind2=" ">
            <subfield code="m">DISSP</subfield>
            <subfield code="a">P0001</subfield>
            <subfield code="b">04</subfield>
            <subfield code="d">PQ974</subfield>
            <subfield code="i">16/364</subfield>
            <subfield code="n">41</subfield>
            <subfield code="k">20160112</subfield>
            <subfield code="5">1839088-10</subfield>
          </datafield>
        </record>
      </metadata>
    </record>
  </ListRecords>
</OAI-PMH>
